
@misc{leontiev2011,
	title = {A new scale for assessing the amount of flow in professional activity},
	author = {Leontiev, Dmitry},
	year = {2011},
	date = {2011},
	publisher = {American Psychological Association (APA)},
	doi = {10.1037/e523472012-160},
	url = {http://dx.doi.org/10.1037/e523472012-160}
}
