
@article{jonckheere1954,
	title = {A Distribution-free {\emph{k}}-Sample Test Against Ordered Alternatives},
	author = {Jonckheere, A. R.},
	year = {1954},
	date = {1954},
	journal = {Biometrika},
	pages = {133--145},
	volume = {41},
	number = {1-2},
	doi = {10.1093/biomet/41.1-2.133},
	url = {http://dx.doi.org/10.1093/biomet/41.1-2.133},
	langid = {en}
}
